% Encoding: UTF-8

@Misc{Bundeswehr,
  title        = {BUNDESWEHR ERHÄLT CYBER-TRUPPE},
  howpublished = {\url{http://www.handelsblatt.com/politik/deutschland/bundeswehr-erhaelt-cyber-truppe-wir-suchen -haenderingend-nerds/13505076-2.html}},
  note         = {Abgerufen: 2017-07-30},
}
@Misc{Weber09,
  author = {Robert Weber},
  title        = {Das ganz inoffizielle Image der Informatik},
  howpublished = {\url{http://pi.informatik.uni-siegen.de/lehre/2009s/2009s_psi/weber/Ausarbeitung.html}},
  year = 2009,
  note = {Abgerufen: 2017-07-30}
}

@Misc{partnersuche.de,
  title        = {10 größten Informatiker-Mythen},
  howpublished = {\url{http://www.nerd-zone.com/wp-content/blogs.dir/7/files/2013/08/Presse_partnersuche.de_Nerds_300dpi.jpg}},
  note         = {Abgerufen: 2017-07-30},
}

@Misc{parship,
  title        = {Informatiker sind die introvertierteste Berufsgruppe},
  howpublished = {\url{http://www.nerd-zone.com/wp-content/blogs.dir/7/files/2013/08/Presse_partnersuche.de_Nerds_300dpi.jpg}},
  note         = {Abgerufen: 2017-07-30},
}

@Comment{jabref-meta: databaseType:bibtex;}
